@article{greenwade93,
	author  = "George D. Greenwade",
	title   = "The {C}omprehensive {T}ex {A}rchive {N}etwork ({CTAN})",
	year    = "1993",
	journal = "TUGBoat",
	volume  = "14",
	number  = "3",
	pages   = "342--351"
}
@book{goossens93,
	author    = "Michel Goossens and Frank Mittelbach and Alexander Samarin",
	title     = "The LaTeX Companion",
	year      = "1993",
	publisher = "Addison-Wesley",
	address   = "Reading, Massachusetts"
}
@phdthesis{diablo,
    author ="yo" ,
    title ="ele" ,
    school = "ellitoral",
    year ="2003" 
}
@inproceedings{wolf-etal-2020-transformers,
    title = "Transformers: State-of-the-Art Natural Language Processing",
    author = "Thomas Wolf and Lysandre Debut and Victor Sanh and Julien Chaumond and Clement Delangue and Anthony Moi and Pierric Cistac and Tim Rault and RÃ©mi Louf and Morgan Funtowicz and Joe Davison and Sam Shleifer and Patrick von Platen and Clara Ma and Yacine Jernite and Julien Plu and Canwen Xu and Teven Le Scao and Sylvain Gugger and Mariama Drame and Quentin Lhoest and Alexander M. Rush",
    booktitle = "Proceedings of the 2020 Conference on Empirical Methods in Natural Language Processing: System Demonstrations",
    month = oct,
    year = "2020",
    address = "Online",
    publisher = "Association for Computational Linguistics",
    url = "https://www.aclweb.org/anthology/2020.emnlp-demos.6",
    pages = "38--45"
}
@misc{vaswani2023attention,
      title={Attention Is All You Need}, 
      author={Ashish Vaswani and Noam Shazeer and Niki Parmar and Jakob Uszkoreit and Llion Jones and Aidan N. Gomez and Lukasz Kaiser and Illia Polosukhin},
      year={2023},
      eprint={1706.03762},
      archivePrefix={arXiv},
      primaryClass={cs.CL}
}
https://www.ibm.com/es-es/topics/large-language-models
https://aws.amazon.com/es/what-is/large-language-model/
https://es.shaip.com/blog/a-guide-large-language-model-llm/